<?xml version="1.0" encoding="UTF-8"?><record xmlns="http://www.loc.gov/MARC21/slim" xmlns:cinclude="http://apache.org/cocoon/include/1.0" xmlns:zs="http://www.loc.gov/zing/srw/">
  <leader>01630cz  a2200277n  4500</leader>
  <controlfield tag="001">no2011103037</controlfield>
  <controlfield tag="003">DLC</controlfield>
  <controlfield tag="005">20130316100558.0</controlfield>
  <controlfield tag="008">110705n| azannaabn          |a aaa     c</controlfield>
  <datafield tag="010" ind1=" " ind2=" ">
    <subfield code="a">no2011103037</subfield>
  </datafield>
  <datafield tag="035" ind1=" " ind2=" ">
    <subfield code="a">(OCoLC)oca08905590</subfield>
  </datafield>
  <datafield tag="040" ind1=" " ind2=" ">
    <subfield code="a">ICU</subfield>
    <subfield code="b">eng</subfield>
    <subfield code="e">rda</subfield>
    <subfield code="c">ICU</subfield>
    <subfield code="d">DLC</subfield>
  </datafield>
  <datafield tag="046" ind1=" " ind2=" ">
    <subfield code="g">1605</subfield>
  </datafield>
  <datafield tag="100" ind1="1" ind2=" ">
    <subfield code="a">Cratepoil, Petrus,</subfield>
    <subfield code="d">-1605</subfield>
  </datafield>
  <datafield tag="400" ind1="1" ind2=" ">
    <subfield code="a">MerssĂŚus, Petrus,</subfield>
    <subfield code="d">-1605</subfield>
  </datafield>
  <datafield tag="400" ind1="1" ind2=" ">
    <subfield code="a">Cratepolius, Petrus,</subfield>
    <subfield code="d">-1605</subfield>
  </datafield>
  <datafield tag="400" ind1="1" ind2=" ">
    <subfield code="a">Cratepolius, Petrus Marssaeus,</subfield>
    <subfield code="d">-1605</subfield>
  </datafield>
  <datafield tag="400" ind1="1" ind2=" ">
    <subfield code="a">Kratepolius, Petrus Merssaeus,</subfield>
    <subfield code="d">-1605</subfield>
  </datafield>
  <datafield tag="400" ind1="1" ind2=" ">
    <subfield code="a">Marsaeus, Petrus,</subfield>
    <subfield code="d">-1605</subfield>
  </datafield>
  <datafield tag="400" ind1="1" ind2=" ">
    <subfield code="a">Cratepoleus, Petrus Opmersensis,</subfield>
    <subfield code="d">-1605</subfield>
  </datafield>
  <datafield tag="400" ind1="1" ind2=" ">
    <subfield code="a">Mersius, Pieter,</subfield>
    <subfield code="d">-1605</subfield>
  </datafield>
  <datafield tag="400" ind1="1" ind2=" ">
    <subfield code="a">Opmersensis seu Cratepoleus, Petrus,</subfield>
    <subfield code="d">-1605</subfield>
  </datafield>
  <datafield tag="400" ind1="1" ind2=" ">
    <subfield code="a">Opmersensis, Petrus,</subfield>
    <subfield code="d">-1605</subfield>
  </datafield>
  <datafield tag="670" ind1=" " ind2=" ">
    <subfield code="a">De electorum ecclesiasticorum archi-episcoporum ac episcoporum Coloniensium origine &amp; successione aĚ primo Christianae religionis exordio usque in praesens saeculum historica tractatio, MDCCXXXVI, 1736:</subfield>
    <subfield code="b">t.p. (Petrus Cratepoil)</subfield>
  </datafield>
  <datafield tag="670" ind1=" " ind2=" ">
    <subfield code="a">OCLC (5 July 2011):</subfield>
    <subfield code="b">(hdgs.: Merssaeus, Petrus, 16th cent.; Marsaeus, Petrus, d. 1605; Cratepolius, Petrus, d. 1605.</subfield>
  </datafield>
  <datafield tag="670" ind1=" " ind2=" ">
    <subfield code="a">VIAF (5 July 2011):</subfield>
    <subfield code="b">(hdgs.: Cratepoil, Petrus -1605; Cratepoil, Petrus 15..-1605; Cratepoil, Petrus, O.F.M.Conv., m. 1605; references: Cratepolius, Petrus Marssaeus; Kratepolius, Petrus Merssaeus; Cratepoli, Petrus; Cratepoleus, Petrus Merssaeus; Cratipoleus, Petrus Marsaeus; Petrus ab Opmeer; Opmersensis, Petrus; Opmersensis seu Cratepoleus, Petrus; Cratepoleus, Petrus M.; Opmersus, Petrus M.; Cratepoleus, Petrus Opmersensis; Kratepolius, Peter; Mersus, Pieter; Mersius, Petrus)</subfield>
  </datafield>
</record>